<?xml version="1.0" encoding="UTF-8"?><collection xmlns="http://www.loc.gov/MARC21/slim"><record><leader>00483nam--2200169-i-4500</leader><controlfield tag="001">000015121</controlfield><controlfield tag="002">20161230</controlfield><controlfield tag="005">20161230201031</controlfield><controlfield tag="008">060222s1000------------r-----000-0-eng-d</controlfield><datafield ind1=" " ind2=" " tag="040"><subfield code="a">IFIN-HH</subfield></datafield><datafield ind1=" " ind2=" " tag="080"><subfield code="a">537.311.37</subfield></datafield><datafield ind1="1" ind2=" " tag="100"><subfield code="a">Cobine, James Dillon</subfield></datafield><datafield ind1="1" ind2="0" tag="245"><subfield code="a">Gaseous conductors</subfield><subfield code="b">Theory and engineerinmg applications</subfield><subfield code="c">James dillon cobine</subfield></datafield><datafield ind1=" " ind2=" " tag="260"><subfield code="a">New York</subfield><subfield code="b">Dover Publications, Inc</subfield><subfield code="c">1958</subfield></datafield><datafield ind1=" " ind2=" " tag="300"><subfield code="a">XIX + 606 P</subfield></datafield><datafield ind1=" " ind2=" " tag="852"><subfield code="a">16471</subfield><subfield code="c">537.52</subfield></datafield><datafield ind1=" " ind2=" " tag="CAT"><subfield code="a">Sys</subfield><subfield code="c">20110803</subfield><subfield code="h">153131</subfield></datafield></record></collection>